@article{Cox1972,
  author =	 {D. R. Cox},
  journal =	 {Journal of the Royal Statistical Society. Series B
                  (Methodological)},
  number =	 {2},
  pages =	 {187--220},
  title =	 {Regression Models and Life-Tables},
  volume =	 {34},
  year =	 {1972}
}

@Inbook{Harrell2015,
  author =	 "Harrell, Frank E.",
  title =	 "Cox Proportional Hazards Regression Model",
  bookTitle =	 "Regression Modeling Strategies: With Applications to
                  Linear Models, Logistic and Ordinal Regression, and
                  Survival Analysis",
  year =	 "2015",
  publisher =	 "Springer International Publishing",
  address =	 "Cham",
  pages =	 "475--519",
  doi =		 "10.1007/978-3-319-19425-7_20",
  url =		 "https://doi.org/10.1007/978-3-319-19425-7_20"
}

 